@online{algorithmia-website,
  author = "Algorithmia Inc.",
  title = "Algorithmia",
  url = "https://algorithmia.com",
  keywords = "machine learning, service",
  date = "18-02-2021",
}

@online{valohai-website,
  author = "Valohai",
  title = "Valohai",
  url = "https://valohai.com",
  keywords = "machine learning, service",
  date = "22-02-2021",
}